@book{bib1,
  title = {TWinner: Understanding News Queries with Geo-content using Twitter},
  author = {Satyen Abrol and Latifur Khan},
  year = 2010,
  publisher = {ACM},
}
@book{bib2,
  title = {uls:},
 note = {\\ 
\url{http://news.yahoo.com/s/nm/20100429/wr_nm/us_venezuela_chavez}\\
\url{http://cheatedbylife.com/2010/05/08/twitter-facts-figures-infographic/}\\
\url{http://www.physorg.com/news189750438.html}\\
\url{http://theweek.com/article/index/202378/When_world_leaders_tweet}\\
},
}
