@book{bib1,
  title = {INTRODUCTION TO ROBOTICS Mechanics and Control Third Edition},
  author = {John J. Craig},
  year = 2005,
  publisher = {Pearsons Prentice Hall},
}

@Misc{ac3d,
	author = {Inivis},
	title  ="{AC3D 3D Design Software}",
	note = "http://www.inivis.com/"
}