@book{bib1, note = {\url{http://en.wikipedia.org/wiki/Database#Types}},}
@book{bib2, note = {\url{http://en.wikipedia.org/wiki/Relational_database}},}
@book{bib3, note = {\url{http://en.wikipedia.org/wiki/List_of_relational_database_management_systems}},}
@book{bib4,
  title = {FUNDAMENTALS OF DATABASE SYSTEMSr},
  author = {Ramez Elmasri, Shamkant B. N avathe },
  note= {49 – 83 p., 3 – 48 p.},
}
@book{bib5, note = {\url{http://en.wikipedia.org/wiki/Iterative_and_incremental_development}},}
@book{bib6, note = {\url{http://en.wikipedia.org/wiki/Berkeley_sockets}},}
@book{bib7, note = {\url{http://www.gnokii.org/}},}