@book{bib1,
  title = {TWinner: Understanding News Queries with Geo-content using Twitter},
  author = {Satyen Abrol and Latifur Khan},
  year = 2010,
  publisher = {ACM},
}
@book{bib2,
  title = {Integrating Web-based Intelligence Retrieval and Decision-making from the Twitter Trends Knowledge Base},
  author = {Marc Cheong and Vincent Lee},
  year = 2009,
  publisher = {ACM},
}
@book{bib3,
  title = {A Few Chirps About Twitter},
  author = {Balachander Krishnamurthy and Phillipa Gill and Martin Arlitt},
  year = 2008,
  publisher = {ACM},
}
@book{bib4,
  title = {The Credibility of Digital Identity Information on the Social Web: A User Study},
  author = {Matthew Rowe},
  year = 2010,
  publisher = {ACM},
}
@book{bib5,
  title = {Using Twitter to Recommend Real-Time Topical News},
  author = {Owen Phelan and Kevin McCarthy and Barry Smyth},
  year = 2009,
  publisher = {ACM},
}
@book{bib6,
  title = {What is Twitter, a Social Network or a News Media?},
  author = {Haewoon Kwak and Changhyun Lee and Hosung Park and Sue Moon},
  year = 2010,
  publisher = {ACM},
}
@book{bib7,
  title = {Earthquake Shakes Twitter Users: Real-time Event Detection by Social Sensors},
  author = {Takeshi Sakaki and Makoto Okazaki and Yutaka Matsuo},
  year = 2010,
  publisher = {ACM},
}
@book{bib8,
  title = {Situation Detection and Control using Spatio-temporal Analysis of Microblogs},
  author = {Vivek K. Singh and Mingyan Gao and Ramesh Jain},
  year = 2010,
  publisher = {ACM},
}
@book{bib9,
  title = {Structural Analysis of the Emerging Event-web},
  author = {Vivek K. Singh and Ramesh Jain},
  year = 2010,
  publisher = {ACM},
}
@book{bib10,
  title = {Characterizing Debate Performance via Aggregated Twitter Sentiment},
  author = {Nicholas A. Diakopoulos and David A. Shamma},
  year = 2010,
  publisher = {ACM},
}
@book{bib11,
  title = {Real Time Search User Behavior},
  author = {Bernard J. Jansen and Gerry Campbell and Matthew Gregg},
  year = 2010,
  publisher = {ACM},
}
@book{bib12,
  title = {Twitter and status updating},
  author = {Amanda Lenhart and Susannah Fox},
  year = 2009,
  publisher = {ACM},
}
@book{bib13,
  title = {uls:},
 note = {\\ 
\url{http://news.yahoo.com/s/nm/20100429/wr_nm/us_venezuela_chavez}\\
\url{http://cheatedbylife.com/2010/05/08/twitter-facts-figures-infographic/}\\
\url{http://www.physorg.com/news189750438.html}\\
\url{http://theweek.com/article/index/202378/When_world_leaders_tweet}\\
},
}
