@book{bib-example,
  title = {Developing Multi Agent Systems with JADE},
  author = {Fabio Bellifemine, Giovanni Caire, Dominic Greenwood},
  year = 2007,
  publisher = {Wiley},
  isbn = "978-0-470-05747-6"
}
@book{bib-example2,
  title = {An Introduction To Multiagent Systems},
  author = {M. Wooldridge},
  year = 2002,
  publisher = {Wiley},
  isbn = "0-471-49691-x"
}
@book{bib-example3,
  title = {Agent Oriented Methodology},
  author = {Brian Henderson-Sellers, Paolo Giorgini},
  year = 2005,
  publisher = {IDEA Group Publishing},
  isbn = "1-59140-581-5"
}