@book{bib1,
  title = {INTRODUCTION TO ROBOTICS Mechanics and Control Third Edition},
  author = {John J. Craig},
  year = 2005,
  publisher = {Pearsons Prentice Hall},
}
